@misc{CISA_sunburst,
  title        = {{CISA} (MAR-10318845-1.v1 - SUNBURST)},
  howpublished = {\url{https://www.cisa.gov/news-events/analysis-reports/ar21-039a}},
  note         = {Accessed: 2024-06-21}
}

@misc{CNN_FireEye,
  title        = {{FireEye CEO on how the SolarWinds hack was discovered} CNN video},
  howpublished = {\url{https://www.cnn.com/videos/business/2021/02/24/fireeye-ceo-solarwinds-hack.cnnbusiness}},
  note         = {Accessed: 2024-06-13}
}

@misc{cybercdh,
  title        = {{cybercdh Youtube} (SUNBURST SolarWinds Malware - Tools, Tactics and Methods to get you started with Reverse Engineering)},
  howpublished = {\url{https://youtu.be/JoMwrkijTZ8?feature=shared}},
  note         = {Accessed: 2024-06-21}
}

@misc{Mandiant,
  title        = {{Highly Evasive Attacker Leverages SolarWinds Supply Chain to Compromise Multiple Global Victims With SUNBURST Backdoor} google},
  howpublished = {\url{https://cloud.google.com/blog/topics/threat-intelligence/evasive-attacker-leverages-solarwinds-supply-chain-compromises-with-sunburst-backdoor/}},
  note         = {Accessed: 2024-06-13}
}

@misc{MicrosoftSolarwinds,
  title        = {{Microsoft Secutiry} (MS Security Page)},
  howpublished = {\url{https://www.microsoft.com/en-us/security/blog/2021/01/20/deep-dive-into-the-solorigate-second-stage-activation-from-sunburst-to-teardrop-and-raindrop}},
  note         = {Accessed: 2024-06-13}
}


@misc{NISTCVE20243094,
  title        = {{NIST} (xz utils vulnerability)},
  howpublished = {\url{https://nvd.nist.gov/vuln/detail/CVE-2024-3094}},
  note         = {Accessed: 2024-06-22}
}


@misc{npr,
  title        = {{NPR Dina Temple-Raston} (A 'Worst Nightmare' Cyberattack: The Untold Story Of The SolarWinds Hack)},
  howpublished = {\url{https://www.npr.org/2021/04/16/985439655/a-worst-nightmare-cyberattack-the-untold-story-of-the-solarwinds-hack}},
  note         = {Accessed: 2024-06-13}
}


@misc{orangematterSunburst,
  title        = {{Sudhakar Ramakrishna, SolarWinds} (New Findings From Our Investigation of SUNBURST)},
  howpublished = {\url{https://orangematter.solarwinds.com/2021/01/11/new-findings-from-our-investigation-of-sunburst/}},
  note         = {Accessed: 2024-06-13}
}

@misc{SECLawsuit,
  title        = {{US Securities and Exchange Commission Press Release} (SEC Charges SolarWinds and Chief Information Security Officer with Fraud, Internal Control Failures)},
  howpublished = {\url{https://www.sec.gov/news/press-release/2023-227}},
  note         = {Accessed: 2024-06-22}
}

@misc{SolarWindsCISO,
  title        = {{Youtube} (SUNBURST From The Inside Tim Brown, CISO of SolarWinds)},
  author       = {Tim Brown},
  howpublished = {\url{https://youtu.be/6gQ5oAWHMoU?si=mBBETA6P8e44MPs_}},
  note         = {Accessed: 2024-06-13}
}


@misc{SolarWindsOrion,
  title        = {{Orion Platform} (Web archive)},
  howpublished = {\url{https://web.archive.org/web/20201214092129/https://www.solarwinds.com/orion-platform}},
  note         = {Accessed: 2024-06-13}
}


@misc{SolarWindsOrionCoreBusinessLayerdll,
  title        = {{GitHub ItayCoen} (SunBurst_Sample_Source)},
  howpublished = {\url{https://github.com/ITAYC0HEN/SUNBURST-Cracked/blob/main/OrionImprovementBusinessLayer_modified.cs}},
  note         = {Accessed: 2024-06-21}
}

@misc{TechTargetSolarwinds,
  title        = {{Saheed Oladimeji, Sean Michael Kerner,TechTarget} (SolarWinds hack explained: Everything you need to know)},
  howpublished = {\url{https://www.techtarget.com/whatis/feature/SolarWinds-hack-explained-Everything-you-need-to-know}},
  note         = {Accessed: 2024-06-13}
}